@comment{This file has been generated by Pybliographer and edited manually}

@article{montavon2017methods,
  title={Methods for interpreting and understanding deep neural networks},
  author={Montavon, Gr{\'e}goire and Samek, Wojciech and M{\"u}ller, Klaus-Robert},
  journal={Digital Signal Processing},
  year={2017},
  publisher={Elsevier}
}

@book{goodfellow2016deep,
  title={Deep learning},
  author={Goodfellow, Ian and Bengio, Yoshua and Courville, Aaron and Bengio, Yoshua},
  volume={1},
  year={2016},
  publisher={MIT press Cambridge}
}

@book{furr2017psychometrics,
  title={Psychometrics: an introduction},
  author={Furr, R Michael},
  year={2017},
  publisher={Sage Publications}
}

@article{campbell1959convergent,
  title={Convergent and discriminant validation by the multitrait-multimethod matrix.},
  author={Campbell, Donald T and Fiske, Donald W},
  journal={Psychological bulletin},
  volume={56},
  number={2},
  pages={81},
  year={1959},
  publisher={American Psychological Association}
}

@Booklet{CM92,
  Author         = {Costa, P. T. and McCrae, R. R.},
  Title          = {Revised {NEO} {Personality} {Inventory} ({NEO-PI-R}) and {NEO} {Five-Factor} {Inventory} ({NEO-FFI}) professional manual.},
  HowPublished   = {Odessa, FL: Psychological Assessment Resources, Inc.},
  year           = 1992
}

@Article{EM09,
  Author         = {Ehrhart, M. G. and Ehrhart, K. H. and Roesch, S. C. and Chung-Herrera, B. G. and Nadler, K. and Bradshaw, K.},
  Title          = {Testing the latent factor structure and construct
                   validity of the {Ten-Item Personality Inventory}.},
  Journal        = {Personality and Individual Differences},
  Volume         = {47},
  Number         = {8},
  Pages          = {900-905},
  year           = 2009
}

@article{cybenko1989approximation,
  title={Approximation by superpositions of a sigmoidal function},
  author={Cybenko, George},
  journal={Mathematics of control, signals and systems},
  volume={2},
  number={4},
  pages={303--314},
  year={1989},
  publisher={Springer}
}

@article{jones2014scipy,
  title={$\{$SciPy$\}$: open source scientific tools for $\{$Python$\}$},
  author={Jones, Eric and Oliphant, Travis and Peterson, Pearu},
  year={2014}
}

@ONLINE {Divergence,
    title = "Divergence video",
    url   = "https://youtu.be/kRuk0Pechxg",
    year = 2018
}

@ONLINE {TIPIDATA,
    title = "TIPI-RU data",
    url   = "https://github.com/bakirillov/tipiru",
    year = 2017
}

@Misc{MF,
  Author         = {Filosi, M. and Visintainer, R. and Albanese, D.},
  Title          = {minerva: {Maximal Information-Based
                   Nonparametric Exploration R package for
                   Variable Analysis}.},
  HowPublished   = {R package version 1.4.1.},
  url            = {http://CRAN.R-project.org/package=minerva},
  year           = 2014
}

@Article{Rob02,
  Author         = {Robins, R. W. and Trzesniewski, K. H. and Tracy, J. L. and Gosling, S. D. and Potter, J.},
  Title          = {Self-esteem across the lifespan.},
  Journal        = {Psychology and Aging},
  Volume         = {17},
  Pages          = {423-434},
  year           = 2002
}

@Article{KA13,
  Author         = {Kovaleva, A. and Beierlein, C. and Kemper, C. J. and Rammstedt, B.},
  Title          = {{Psychometric properties of the BFI-K: A Cross-Validation study}.},
  Journal        = {The International Journal of Educational and
                   Psychological Assessment.},
  Volume         = {13},
  Number         = {1},
  year           = 2013
}

@Article{Muc07,
  Author         = {Muck, P. M. and Hell, B. and Gosling, S. D.},
  Title          = {Construct validation of a short five-factor model
                   instrument: {A self-peer study on the German
                   adaptation o the Ten-Item Personality
                   Inventory (TIPI-G)}},
  Journal        = {European Journal of Psychological Assessment},
  Volume         = {23},
  Pages          = {166-175},
  year           = 2007
}

@Article{Ram05,
  Author         = {Rammstedt, B. and John, O. P.},
  Title          = {{Kurzversion des Big Five Inventory (BFI-K):
                   Entwicklung und Validierung eines \"okonomischen
                   Inventars zur Erfassung der f\"unf Faktoren der
                   Pers\"onlichkeit}.},
  Journal        = {Diagnostica},
  Volume         = {51},
  Pages          = {195-206},
  year           = 2005
}

@Article{Aro06,
  Author         = {Aronson, Z. H. and Reilly, R. R. and Lynn, G. S.},
  Title          = {The impact of leader personality on new product
                   development teamwork and performance: {T}he moderating
                   role of uncertainty.},
  Journal        = {Journal of Engineering and Technology Management},
  Number         = {23},
  Pages          = {221-247},
  year           = 2006
}

@Article{Lag14,
  Author         = {Laguna, M. and Bak, W. and Purc, E. and Mielniczuk, E. and Oles, P. K.},
  Title          = {Short measure of personality {TIPI-P} in a {P}olish
                   sample.},
  Journal        = {Roczniki Psychologiczne.},
  Volume         = {17},
  Number         = {2},
  Pages          = {421-437},
  year           = 2014
}

@Booklet{Tsu96,
  Title          = {Standardization of the {F}ive-{F}actor {P}ersonality
                   {Q}uestionnaire.},
  Author         = {Tsuji, H. and Fujishima, Y. and Tsuji, H. and Natsuno, Y. and Mukoyama, Y. and Yamada, N. and et al.},
  HowPublished   = {Handout circulated at the 26th International Congress
                   of Psychology, Montreal, Quebec, Canada.},
  year           = 1996
}

@InCollection{GJ05,
  Author         = {Gerlitz, J. Y. and Schupp, J.},
  Title          = {{Zur Erhebung der Big-Five-basierten}
                   {P}ers\"onlichkeitsmerkmale im {SOEP}.},
  BookTitle      = {Dokumentation der Instrumentenentwicklung BFI-S
                   auf Basis des SOEP-Pretests 2005.},
  Publisher      = {DIW Research},
  Number         = {4},
  Series         = {Notes},
  year           = 2005
}

@Article{RD11,
  Author         = {Reshef, D. and Reshef, Y. and Finucane, H. and Grossman, S. and  McVean, G. and Turnbaugh, P. and Lander, E. and Mitzenmacher, M. and Sabeti, P.},
  Title          = {Detecting novel associations in large datasets.},
  Journal        = {Science},
  Number         = {334},
  Pages          = {6062},
  year           = 2011
}

@Article{Osh12,
  Author         = {Oshio, A. and Abe, S. and Cutrone, P.},
  Title          = {Development, reliability, and validity of the
                   {Japanese version of Ten Item Personality
                   Inventory (TIPI-J)}},
  Journal        = {Japanese Journal of Personality},
  Volume         = {21},
  Pages          = {40-52},
  year           = 2012
}

@InCollection{Gol99,
  Author         = {Goldberg, L. R.},
  Title          = {A broad-bandwidth, public-domain, personality
                   inventory measuring the lower-level facets of several
                   five-factor models.},
  BookTitle      = {Personality psychology in Europe},
  Editor         = {I. Mervielde, I. J. Deary, F. De Fruyt},
  Pages          = {7-28},
  year           = 1999
}

@Book{Khr00,
  Author         = {Khromov, A.},
  Title          = {Pyatifaktornyiy oprosnik lichnosti:
                   {U}chebno-metodicheskoe posobie.},
  Publisher      = {Kurgan: Izdatelstvo Kurganskogo gos. Universiteta.},
  Note           = {in Russian},
  year           = 2000
}

@Article{EM16,
  Author         = {Egorova, M.S. and Parshikova, O.V.},
  Title          = {{Validation of the Short Portrait Big Five
                   Questionnaire (BF-10)}},
  Journal        = {Psikhologicheskie Issledovaniya},
  Volume         = {9},
  Number         = {45},
  Pages          = {9},
  Note           = {in Russian, abstr. in English},
  url            = {http://psystudy.ru},
  year           = 2016
}

@Article{Chi15,
  Author         = {Chiorri, C. and Bracco, F. and Piccinno, T. and Modafferi, C. and Battini, V.},
  Title          = {Psychometric properties of a revised version of the
                   {Ten-Item Personality Inventory}.},
  Journal        = {European Journal of Psychological Assessment},
  Volume         = {31},
  Number         = {2},
  Pages          = {109-119},
  year           = 2015
}

@Article{KT16,
  Author         = {Kornilova, T.V. and Chumakova, M.A.},
  Title          = {Development of the {R}ussian version of the brief
                   {Big Five questionnaire (TIPI)}},
  Journal        = {Psikhologicheskie Issledovaniya},
  Volume         = {9},
  Number         = {46},
  Pages          = {5},
  Note           = {In Russian, abstr. in English},
  year           = 2016
}

@Article{Ber05,
  Author         = {Bernard, L. C. and Walsh, R. P. and Mills, M.},
  Title          = {Ask once, may tell: {Comparative validity of single
                   and multiple item measurement of the Big-Five
                   personality factors}.},
  Journal        = {Counseling and Clinical Psychology Journal},
  Number         = {2},
  Pages          = {30-57},
  year           = 2005
}

@Article{Ren13,
  Author         = {Renau, V. and Oberst, U. and Gosling, S. D. and Rusi√áol, J. and Chamarro, A.},
  Title          = {Translation and validation of the {Ten-Item-Personality Inventory into Spanish and Catalan}.},
  Journal        = {Aloma. Revista de Psicologia, Cincies de l'Educaci\'o
                   i de l'Esport},
  Volume         = {31},
  Pages          = {85-97},
  year           = 2013
}

@Article{Jon11,
  Author         = {Jonason, P. K. and Teicher, E. A. and Schmitt, D. P.},
  Title          = {The {TIPI's} validity confirmed: {Associations with
                   sociosexuality and self-esteem}.},
  Journal        = {Individual Differences Research},
  Volume         = {9},
  Pages          = {52-60},
  year           = 2011
}

@Misc{BGPaPC,
  Author         = {Peterson, B. G. and Carl, P.},
  Title          = {{PerformanceAnalytics: Econometric tools for
                   performance and risk analysis}},
  HowPublished   = {R package version 1.4.3541},
  url            = {https://CRAN.R-project.org/package=PerformanceAnalytics},
  year           = 2014
}

@Article{Ram07,
  Author         = {Rammstedt, B. and John, O. P.},
  Title          = {Measuring personality in one minute or less: {A
                   10-item short version of the Big Five Inventory
                   in English and German}.},
  Journal        = {Journal of Research in Personality},
  Volume         = {41},
  Pages          = {203-212},
  year           = 2007
}

@Article{WSA05,
  Author         = {Woods, S. A. and Hampson, S. E.},
  Title          = {Measuring the {Big Five} with single items using a
                   bipolar response scale.},
  Journal        = {European Journal of Personality},
  Volume         = {19},
  Pages          = {373-390},
  year           = 2005
}

@Article{Gol93,
  Author         = {Goldberg, L. and Shmelev A. G.},
  Title          = {Cross-cultural study of lexicon of personality traits:
                   {"Big Five"} of factors in {English and Russian}
                   languages},
  Journal        = {Psikhologicheskii Zhurnal},
  Volume         = {14},
  Pages          = {32-39},
  year           = 1993
}

@Article{Don06,
  Author         = {Donnellan, M. B. and Oswald, F. L. and Baird, B. M. and Lucas, R. E.},
  Title          = {The mini-{IPIP} scales: {Tiny-yet-effective} measures
                   of the {Big Five} factors of personality.},
  Journal        = {Psychological Assessment},
  Volume         = {18},
  Pages          = {192-203},
  year           = 2006
}

@Book{Tsu98,
  Editor         = {Tsuji, H.},
  Title          = {Theory and empirical studies of {F}ive-{F}actor
                   {Personality Questionnaire: Five super-trait
                   scales to measure personality [in Japanese]}},
  Publisher      = {Kyoto, Japan: Kitaoji Shobo.},
  year           = 1998
}

@Article{RW79,
  Author         = {Revelle, W. and Rocklin, T.},
  Title          = {Very simple structure: an alternative procedure for
                   estimating the optimal number of interpretable factors.},
  Journal        = {Multivariate Behavioral Research},
  Volume         = {14},
  Pages          = {403-414},
  year           = 1979
}

@InBook{Joh99,
  Author         = {John, O. P. and Srivastava, S.},
  Editor         = {Pervin, L.A. and John, O.P.},
  Title          = {The {Big-Five} trait taxonomy: {History},
                   measurement, and theoretical perspectives.},
  Chapter        = {Handbook of personality: Theory and research.},
  Pages          = {102-138},
  Publisher      = {New York: Guilford Press.},
  year           = 1999
}

@misc{john1991big,
  title={The big five inventory‚Äîversions 4a and 54},
  author={John, Oliver P and Donahue, Eileen M and Kentle, Robert L},
  year={1991},
  publisher={Berkeley, CA: University of California, Berkeley, Institute of Personality and Social Research}
}

@article{schebetenko2014,
  title={Bol'shaja Pjaterka chert lichnosti: jeksplicitno-implicitnyj podhod},
  author={Shhebetenko, Sergej Aleksandrovich and Vajnshtejn, Sergej Viktorovich},
  journal={Psihologija i psihotehnika},
  number={1},
  pages={69--82},
  year={2014},
  publisher={Obshhestvo s ogranichennoj otvetstvennost'ju" NB-Media"}
}

@Article{McC92,
  Author         = {McCrae, R. R. and John, O. P.},
  Title          = {An introduction to five factor model and its
                   applications.},
  Journal        = {Journal of Personality},
  Volume         = {60},
  Pages          = {175-215},
  year           = 1992
}

@InBook{Boyle,
  Author         = {Boyle, G. J.},
  Editor         = {Boyle, G. J. and Matthews, G. and Saklofske, D. H.},
  Title          = {The {SAGE} handbook of personality theory and
                   assessment, {P}ersonality theories and models},
  Chapter        = {Critique of the five-factor model of personality},
  Publisher      = {Sage},
  Volume         = {1},
  Address        = {295-312},
  year           = 2008
}

@Article{Rom12,
  Author         = {Romero, E. and Villar, P. and G√≥mez-Fraquela, J.A. and L√≥pez-Romero, L.},
  Title          = {Measuring personality traits with ultra-short
                   scales: {A study of the Ten Item-Personality
                   Inventory (TIPI)} in a {S}panish sample.},
  Journal        = {Personality and Individual Differences},
  Volume         = {3},
  Pages          = {289-293},
  year           = 2012
}

@Misc{BF,
  Author         = {{Falissard B.}},
  Title          = {psy: {V}arious procedures used in psychometry.},
  HowPublished   = {R package version 1.1.},
  url            = {http://CRAN.R-project.org/package=psy},
  year           = 2012
}

@Misc{EXPD,
  author         = {{Broad Institute}},
  title          = {{Exploredata.net}},
  url            = {http://www.exploredata.net/Downloads/P-Value-Tables},
  note           = {Accessed: {26-02-2016}},
  year           = {2016}
}

@Article{Gun15,
  Author         = {Gunnarsson, M. and Gustavsson, P. and Holmberg, S. and Weibull, L.},
  Title          = {Statistical evaluation of six short {Five Factor
                   Model} personality measures aiming for potential
                   inclusion in the {SOM Institute's} national surveys},
  year           = 2015
}

@Article{Cre12,
  Author         = {Crede, M. and Harms, P. and Niehorster, S. and Gaye-Valentine, A.},
  Title          = {An evaluation of the consequences of using short
                   measures of the {Big Five} personality traits.},
  Journal        = {Journal of Personality and Social Psychology},
  Number         = {102},
  Pages          = {847-888},
  year           = 2012
}

@Article{Hof08,
  Author         = {Hofmans, J. and Kuppens, P. and Allik, J.},
  Title          = {Is short in length short in content? An examination
                   of the domain representation of the {Ten Item
                   Personality Inventory scales in Dutch} language.},
  Journal        = {Personality and Individual Differences},
  Volume         = {45},
  Number         = {8},
  Pages          = {750-755},
  year           = 2008
}

@article{sergeeva2016translation,
  title={Translation and adaptation of short five factor personality questionnaire (TIPI-RU): Convergent validity, internal consistency and test-retest reliability evaluation},
  author={Sergeeva, AS and Kirillov, BA and Dzhumagulova, AF},
  journal={Eksperimentalnaya psikhologiya},
  volume={9},
  number={3},
  pages={138--154},
  year={2016},
  publisher={Moscow State Psychological \& Pedagogical Univ Ul Sretenka, Dom 29, Moscow, 127051, Russia}
}
@Article{Hor65,
  Author         = {Horn, J. L.},
  Title          = {A rationale and test for the number of factors in
                   factor analysis},
  Journal        = {Psychometrika},
  Volume         = {30},
  Pages          = {179-185},
  year           = 1965
}

@Article{Gos03,
  Author         = {Gosling, S. D. and Rentfrow, P. J. and Swann, W. B. Jr.},
  Title          = {A very brief measure of the {Big-Five} personality
                   domains.},
  Journal        = {Journal of Research in Personality.},
  Volume         = {37},
  Pages          = {504-528},
  year           = 2003
}

@Article{Tsu97,
  Author         = {Tsuji, H. and Fujishima, Y. and Tsuji, H. and Natsuno, Y. and Mukoyama, Y. and Yamada, N. and et al.},
  Title          = {Five-factor model of personality: {Concept,
                   structure, and measurement of personality traits [in
                   Japanese]}},
  Journal        = {Japanese Psychological Review},
  Volume         = {40},
  Number         = {2},
  Pages          = {239-259},
  year           = 1997
}

@Article{Her,
  Author         = {Herzberg, P. Y. and Br\"ahler, E.},
  Title          = {Assessing the {Big-Five} personality domains via
                   short forms. {A} cautionary note and a proposal.},
  Journal        = {European Journal of Psychological Assessment},
  Volume         = {22},
  Pages          = {139-148},
  year           = 2006
}

@Misc{Rev,
  Author         = {Revelle, W.},
  Title          = {psych: {Procedures for Personality and
                   Psychological Research}},
  HowPublished   = {R package version = 1.5.8.},
  url            = {http://CRAN.R-project.org/package=psych},
  year           = 2015
}

@InCollection{MT02,
  Author         = {Martin, T. A. and Costa, P. T. and Oryol, V. E. and Rukavishnikov, A. A. and Senin, I. G.},
  Title          = {Applications of the {Russian NEO-PI-R.}},
  BookTitle      = {The {Five-Factor Model} of personality across
                   cultures.},
  Publisher      = {Kluwer Academic/Plenum},
  Editor         = {McCrae R. R. and Allik J.},
  Chapter        = {Applications of the Russian NEO-PI-R.},
  Pages          = {253-26},
  year           = 2002
}

@Article{CL12,
  Author         = {Carvalho, L. and Nunes, M. and Primi, R. and Nunes, C.},
  Title          = {Unfavorable evidence for personality assessment with a
                   10-item instrument},
  Journal        = {Paid\'eia (Ribeir\~ao Preto)},
  Volume         = {22},
  Number         = {51},
  doi            = {10.1590/s0103-863x2012000100008},
  year           = 2012
}

@misc{chollet2015keras,
  title={Keras},
  author={Chollet, Fran\c{c}ois and others},
  year={2015},
  publisher={GitHub},
  howpublished={\url{https://github.com/fchollet/keras}},
}

@misc{tensorflow2015-whitepaper,
title={ {TensorFlow}: Large-Scale Machine Learning on Heterogeneous Systems},
url={http://tensorflow.org/},
note={Software available from tensorflow.org},
author={
    Mart\'{\i}n~Abadi and
    Ashish~Agarwal and
    Paul~Barham and
    Eugene~Brevdo and
    Zhifeng~Chen and
    Craig~Citro and
    Greg~S.~Corrado and
    Andy~Davis and
    Jeffrey~Dean and
    Matthieu~Devin and
    Sanjay~Ghemawat and
    Ian~Goodfellow and
    Andrew~Harp and
    Geoffrey~Irving and
    Michael~Isard and
    Yangqing Jia and
    Rafal~Jozefowicz and
    Lukasz~Kaiser and
    Manjunath~Kudlur and
    Josh~Levenberg and
    Dan~Man\'{e} and
    Rajat~Monga and
    Sherry~Moore and
    Derek~Murray and
    Chris~Olah and
    Mike~Schuster and
    Jonathon~Shlens and
    Benoit~Steiner and
    Ilya~Sutskever and
    Kunal~Talwar and
    Paul~Tucker and
    Vincent~Vanhoucke and
    Vijay~Vasudevan and
    Fernanda~Vi\'{e}gas and
    Oriol~Vinyals and
    Pete~Warden and
    Martin~Wattenberg and
    Martin~Wicke and
    Yuan~Yu and
    Xiaoqiang~Zheng},
  year={2015},
}

@article{hunter2007matplotlib,
  title={Matplotlib: A 2D graphics environment},
  author={Hunter, John D},
  journal={Computing In Science \& Engineering},
  volume={9},
  number={3},
  pages={90--95},
  year={2007},
  publisher={IEEE}
}
